%! Author = johan
%! Date = 16.07.2021

@article{identifier,
    author = {author},
    title = {title},
    journal = {journal},
    year = {year},
}