@misc{monaco-editor-repo,
    title = {Microsoft. Monaco editor repo},
    howpublished = {\url{https://github.com/microsoft/monaco-editor}},
    organization = "Microsoft",
    note = {Accessed: 22.02.2021}
}

@book{BD_enc,
    author = {Когаловский М.Р.},
    title = {Энциклопедия технологий баз данных},
    publisher = {Финансы и статистика},
    year = {2002},
    note = {ISBN 5-279-02276-4},
}

@misc{RestApiTutorial,
    title = {What is REST?},
    howpublished = {\url{https://www.restapitutorial.com/lessons/whatisrest.html}},
    note = {Accessed: 22.02.2021}
}

@misc{maven,
    title = {The Apache Software Foundation. Maven official documentation},
    howpublished = {\url{https://maven.apache.org/}},
    url = {https://maven.apache.org/},
    note = {Accessed: 22.02.2021}
}

@misc{API,
    title = {API},
    howpublished = {\url{https://en.wikipedia.org/wiki/API}},
    note = {Accessed: 22.02.2021}
}

@misc{GlobalEval,
    title={Global eval. What are the options?},
    howpublished = {\url{http://perfectionkills.com/global-eval-what-are-the-options/}},
    note = {Accessed: 22.04.2021},
}

@misc{CSVStandart,
    title={CSV RFC 4180},
    howpublished = {\url{https://tools.ietf.org/html/rfc4180#page-2}},
    note = {Accessed: 22.04.2021},
}


@misc{FuctionConstructor,
    title={Function constructor documentation},
    howpublished = {\url{https://developer.mozilla.org/en-US/docs/Web/JavaScript/Reference/Global_Objects/Function/Function}},
    note = {Accessed: 22.04.2021},
}

@misc{JSeval,
    title={eval documentation},
    howpublished = {\url{https://developer.mozilla.org/en-US/docs/Web/JavaScript/Reference/Global_Objects/eval}},
    note = {Accessed: 22.04.2021},
}

@misc{QueryDoc,
    title={Mongo Query},
    howpublished = {\url{https://docs.mongodb.com/manual/tutorial/query-documents/}},
    note = {Accessed: 22.04.2021},
}

@misc{NetflixDB,
    title={Netflix dataset},
    howpublished = {\url{https://www.kaggle.com/shivamb/netflix-shows}},
    note = {Accessed: 22.04.2021},
}

@misc{inorderWalk,
    title={Inorder walk},
    howpublished = {https://en.wikipedia.org/wiki/Tree_traversal},
    note = {Accessed: 29.05.2021},
}

@misc{MDBIntro,
    title={MongoDB introduction},
    howpublished = {https://docs.mongodb.com/manual/introduction/},
    note = {Accessed: 29.05.2021},
}



